@article{sp2-l2-2,
  author =       "OpenPaaS::NG",
  title =        "{SP2-L2.2, Rapport} décrivant l'implantation du composant middleware de réplication hybride pair-à-pair V1",
  year =         "2017",
  url =          "https://research.linagora.com/download/attachments/16580772/SP2_L2-2_ImplantationDuComposantMiddlewareDeReplicationHybridePairAPair_VF.pdf?version=1&modificationDate=1493975898000"
}

@article{ec1.1,
  author = "OpenPaaS::NG",
  title = "{EC1.1, Prototype }: Infrastructure d'édition collaborative P2P",
  year = "2016"

}

@article{sp2-l2-9,
  author =       "OpenPaaS::NG",
  title =        "{SP2-L2.9, Rapport} décrivant l'implantation du moteur temps réel V1",
  year =         "2016",
  url =          "https://research.linagora.com/download/attachments/16580784/SP2_L2-9_ImplantationDuMoteurTempsReelV1_VF.pdf?version=1&modificationDate=1493975919000"
}

@article{sp2-l2-10,
  author =       "OpenPaaS::NG",
  title =        "{SP2-L2.10, Rapport} décrivant l'implantation du moteur temps réel V2",
  year =         "2017",
  url =          "https://research.linagora.com/download/attachments/16580784/SP2_L2-9_ImplantationDuMoteurTempsReelV1_VF.pdf?version=1&modificationDate=1493975919000"
}

@article{toto,
  author = "Matthieu Nicolas and Victorien Elvinger and Gérald Oster and Claudia-Lavinia Ignat and François Charoy",
  title = "{ECSCW 2017 Demonstration Proposal Peer-to-Peer Realtime Collaborative Editing}",
  year = "2017"
}
